@article{lstm,
       author = {{Sak}, Ha{\c{s}}im and {Senior}, Andrew and {Beaufays}, Fran{\c{c}}oise},
        title = "{Long Short-Term Memory Based Recurrent Neural Network Architectures for Large Vocabulary Speech Recognition}",
      journal = {arXiv e-prints},
     keywords = {Computer Science - Neural and Evolutionary Computing, Computer Science - Computation and Language, Computer Science - Machine Learning, Statistics - Machine Learning},
         year = 2014,
        month = feb,
          eid = {arXiv:1402.1128},
        pages = {arXiv:1402.1128},
archivePrefix = {arXiv},
       eprint = {1402.1128},
 primaryClass = {cs.NE},
       adsurl = {https://ui.adsabs.harvard.edu/abs/2014arXiv1402.1128S},
      adsnote = {Provided by the SAO/NASA Astrophysics Data System}
}

@article{beguvsic2018scaling,
  title={Scaling properties of extreme price fluctuations in Bitcoin markets},
  author={Begu{\v{s}}i{\'c}, Stjepan and Kostanj{\v{c}}ar, Zvonko and Stanley, H Eugene and Podobnik, Boris},
  journal={Physica A: Statistical Mechanics and its Applications},
  volume={510},
  pages={400--406},
  year={2018},
  publisher={Elsevier}
}

@article{smith2001price,
  title={The price of gold and stock price indices for the United States},
  author={Smith, Graham},
  journal={The World Gold Council},
  volume={8},
  number={1},
  pages={1--16},
  year={2001}
}
